% Online references = URLs

@online{Solidity:General,
	Author = {{Ethereum}},
	Date = {2018-02-15},
	Keywords = {Accessibility, Android},
	Title = {Solidity},
	Url = {http://solidity.readthedocs.io/en/develop/index.html},
	Urldate = {2018-02-15}
	}


